% Bibliografía

% Este fichero contiene la bibliografía de la memoria
% Está en un formato que se conoce como BibTex.
% Hay muchos sitios web que exportan referencias en formato BibTeX. 
% Prueba a buscar en http://scholar.google.com por referencias
% y verás que lo puedes hacer de manera sencilla.
% Más información: 
% http://texblog.org/2014/04/22/using-google-scholar-to-download-bibtex-citations/

% Existen varias posibilidades para referenciar diferentes tipos de documentos,
% ya que los datos necesarios varían. Así, existen formatos de entrada para
%     * libros (book)
%     * artículos en revistas de investigación (article)
%     * capítulos de libro (incollection)
%     * informes técnicos (techreport)
%     * otros (misc)
%
% Las páginas web deberían ir como misc.

% Una última cosa: no referencias nunca la WikiPedia
% La WikiPedia, como buena enciclopedia, no es fuente primaria.
% Si acaso, busca por citas en la WikiPedia (que sí ha de referenciar fuentes
% primarias) y haz referencia a las mismas.

@Misc{website:GitHub,
  title = {Github},
  note =	 {\\https://docs.github.com/es}
}

@Misc{website:StackOverflow,
  title = {Stack Overflow},
  note =	 {\\https://stackoverflow.com/documentation}
}

@Misc{website:Urllib,
  title = {Urllib.request},
  note =	 {\\https://docs.python.org/3/library/urllib.request.html}
}

@Misc{website:libreriahtml,
  title = {Html Python},
  note =	 {\\https://docs.python.org/3/library/html.html}
}

@Misc{website:Python,
  title = {Python},
  note =	 {\\https://docs.python.org}
}

@Misc{website:JSON,
  title = {JSON},
  note =	 {\\https://abrirarchivos.info/extension/json}
}


